<record><leader>00000cas a22000007a 4500</leader><controlfield tag="001">21141534</controlfield><controlfield tag="008">900301d18931901mouwr ne      0    0eng d</controlfield><datafield ind1=" " ind2=" " tag="010"><subfield code="a">sn 90061199 </subfield></datafield><datafield ind1=" " ind2=" " tag="040"><subfield code="a">MQN</subfield><subfield code="b">eng</subfield><subfield code="c">MQN</subfield><subfield code="d">OCLCQ</subfield></datafield><datafield ind1=" " ind2=" " tag="042"><subfield code="a">msc</subfield></datafield><datafield ind1="0" ind2="4" tag="245"><subfield code="a">The Macon citizen.</subfield></datafield><datafield ind1=" " ind2=" " tag="260"><subfield code="a">Macon, Mo. :</subfield><subfield code="b">Macon Citizen Print. Co.,</subfield><subfield code="c">-1901.</subfield></datafield><datafield ind1=" " ind2=" " tag="300"><subfield code="a">v.</subfield></datafield><datafield ind1=" " ind2=" " tag="310"><subfield code="a">Weekly</subfield></datafield><datafield ind1="1" ind2=" " tag="362"><subfield code="a">Began in 1893?</subfield></datafield><datafield ind1="0" ind2=" " tag="362"><subfield code="a">-9th year, no. 25 (Aug. 30, 1901).</subfield></datafield><datafield ind1=" " ind2=" " tag="588"><subfield code="a">Description based on: 6th year, no. 38 (Dec. 2, 1898).</subfield></datafield><datafield ind1=" " ind2=" " tag="752"><subfield code="a">United States</subfield><subfield code="b">Missouri</subfield><subfield code="c">Macon</subfield><subfield code="d">Macon.</subfield></datafield><datafield ind1="0" ind2="4" tag="785"><subfield code="t">Macon republican (Macon, Mo. : 1875)</subfield><subfield code="w">(DLC)sn 90061200</subfield></datafield></record>